<record><leader>00000cas a22000007a 4500</leader><controlfield tag="001">12634391</controlfield><controlfield tag="008">851004d18591860wiusn ne      0    0eng d</controlfield><datafield ind1=" " ind2=" " tag="010"><subfield code="a">sn 85041189 </subfield></datafield><datafield ind1=" " ind2=" " tag="040"><subfield code="a">NPV</subfield><subfield code="b">eng</subfield><subfield code="c">NPV</subfield><subfield code="d">OCLCQ</subfield></datafield><datafield ind1=" " ind2=" " tag="042"><subfield code="a">msc</subfield></datafield><datafield ind1=" " ind2=" " tag="045"><subfield code="a">w5w6</subfield></datafield><datafield ind1=" " ind2=" " tag="052"><subfield code="a">4123</subfield><subfield code="b">W5</subfield></datafield><datafield ind1="0" ind2=" " tag="130"><subfield code="a">Young America (Delafield, Wis.)</subfield></datafield><datafield ind1="1" ind2="0" tag="245"><subfield code="a">Young America.</subfield></datafield><datafield ind1=" " ind2=" " tag="260"><subfield code="a">Delafield, Wis. :</subfield><subfield code="b">N.C. Hawks,</subfield><subfield code="c">-1860.</subfield></datafield><datafield ind1=" " ind2=" " tag="300"><subfield code="a">v. :</subfield><subfield code="b">ill. (chiefly advertisements)</subfield></datafield><datafield ind1=" " ind2=" " tag="310"><subfield code="a">Semimonthly</subfield></datafield><datafield ind1=" " ind2=" " tag="321"><subfield code="a">Weekly,</subfield><subfield code="b">&lt;Mar. 23, 1859&gt;-&lt;Nov. 25, 1859&gt;</subfield></datafield><datafield ind1="0" ind2=" " tag="362"><subfield code="a">-v. 7, no. 2 (Mar. 15, 1860).</subfield></datafield><datafield ind1="1" ind2=" " tag="362"><subfield code="a">Began in Mar., 1859.</subfield><subfield code="z">Cf. Oehlerts, d. E. Guide to Wis. newspapers.</subfield></datafield><datafield ind1=" " ind2=" " tag="500"><subfield code="a">Editor: N.C. Hawks, &lt;March 23, 1859&gt;-March 15, 1860.</subfield></datafield><datafield ind1=" " ind2=" " tag="530"><subfield code="a">Available on microfilm from The State Historical Society of Wisconsin.</subfield></datafield><datafield ind1=" " ind2=" " tag="588"><subfield code="a">Description based on: Vol. 4, no. 3 (Mar. 23, 1859).</subfield></datafield><datafield ind1=" " ind2=" " tag="752"><subfield code="a">United States</subfield><subfield code="b">Wisconsin</subfield><subfield code="c">Waukesha</subfield><subfield code="d">Delafield.</subfield></datafield><datafield ind1="1" ind2=" " tag="029"><subfield code="a">AU@</subfield><subfield code="b">000023532739</subfield></datafield></record>